4606 5756
1152 339 1200 413 18

275 565 319 616 ex
336 567 379 616 ea
396 565 480 616 uoce
498 543 745 616 accusatiuum
763 565 844 617 oum
862 543 1042 617 infinitiuo
1059 544 1164 618 facile
1182 543 1283 617 nobis
1301 544 1594 639 percusserimus,
1612 544 1644 616 si
1662 543 1799 618 similes
1818 545 1921 637 locos,
1947 545 2075 640 quibus

274 655 470 728 subiectum
497 653 672 727 infinitiui
697 661 778 727 ante
805 652 883 730 οἱόν
910 685 955 749 τε,
980 655 1185 728 infinitiuus
1211 662 1329 729 autem
1354 662 1433 751 post
1457 655 1593 751 positus
1620 655 1677 750 sit,
1702 678 1783 728 oum
1808 655 1871 728 illo
1892 655 1966 729 loco
1984 679 2077 730 oom-

274 766 539 862 parauerimus:
567 765 673 838 Isocr.
694 765 727 839 6.
746 766 791 839 91
812 770 1129 862 Λακεδαιμονίους
1152 766 1185 841 d’
1203 764 1268 860 οὐχ
1287 763 1364 841 οἶόν
1383 765 1411 840 τ’
1429 770 1572 841 ἐστὶν..
1591 769 1719 866 ζητεῖν,
1746 768 1802 843 12.
1821 767 1869 840 22
1890 768 1990 842 ταῦτ’
2010 765 2075 861 οὐχ

272 875 350 950 olo'v
384 881 413 950 τ’
443 875 559 967 ἄλλως
579 883 682 970 ἔχειν,
721 878 776 950 13.
805 875 964 969 13·τοὺς
990 875 1118 970 λόγους
1144 875 1209 971 οὐχ
1236 875 1314 951 οἷόν
1341 907 1377 952 τε
1403 881 1521 968 καλῶς
1548 884 1651 970 ἔχειν,
1679 877 1776 952 Dem.
1795 879 1852 954 27.
1880 879 1929 952 30
1956 884 2075 953 καίτοι

274 997 491 1087 κεκτημένον
510 985 653 1083 (αὐτὸν)
671 987 737 1082 οὐχ
764 987 842 1063 οἶόν
869 1019 905 1064 τε
931 987 982 1089 μὴ
1009 987 1088 1083 οὐχὶ
1106 992 1167 1062 καὶ
1186 992 1335 1088 σίδηρον
1363 993 1423 1064 καὶ
1442 991 1620 1087 ἐλέφαντα
1637 998 1860 1081 καταλιπεῖν,
1889 989 1948 1064 28.
1965 991 1989 1064 8
2009 986 2075 1090 τὴν

275 1095 453 1199 εἰσφορὰν
471 1098 537 1192 οὐχ
556 1095 633 1173 οἶόν
653 1129 689 1173 τε
707 1107 880 1192 γενέσθαι
900 1097 1093 1200 τοσαύτην,
1110 1099 1199 1196 [45]
1215 1100 1265 1174 38
1279 1106 1356 1190 πῶς
1375 1103 1407 1174 d'
1418 1099 1517 1195 ὑμᾶς
1534 1097 1613 1174 οἶόν
1626 1103 1655 1174 τ’
1672 1104 1807 1176 εἰδέναι
1826 1098 1910 1192 τοὺς
1922 1159 1949 1174 ..
1967 1098 2076 1192 ἐγγύς.

426 1210 586 1306 quotiens
614 1217 732 1285 autem
750 1209 826 1302 οἶός
846 1241 880 1285 τε
897 1211 1129 1308 personaliter
1146 1211 1280 1284 dictum
1306 1217 1369 1304 est,
1394 1217 1457 1285 aut
1474 1215 1567 1284 εἶναι
1585 1217 1648 1285 aut
1665 1217 1855 1304 γίγνεσθαι
1868 1212 2075 1286 adiunctum

272 1327 334 1412 est,
360 1320 450 1394 illud
476 1321 705 1416 frequentius
731 1322 797 1396 hoo
822 1323 952 1397 rarius.
998 1345 1100 1418 saepe
1126 1323 1234 1396 etiam
1261 1323 1294 1396 si
1319 1322 1603 1420 impersonaliter
1628 1329 1682 1396 est
1707 1323 1850 1419 dictum,
1875 1328 1968 1398 alvus
1994 1347 2073 1397 uer·

271 1433 356 1504 bum
383 1432 540 1505 additum
567 1441 628 1526 est
654 1435 744 1529 quod
769 1457 911 1509 necesse
928 1457 1006 1508 csse
1023 1434 1190 1528 uidimus,
1216 1435 1249 1508 si
1269 1433 1344 1508 alia
1369 1434 1483 1510 forma
1499 1435 1700 1531 postulatur
1717 1445 1822 1532 atque
1840 1439 1933 1528 ἐστι’;
1961 1457 2073 1530 neque

271 1565 354 1616 uero
392 1567 545 1639 usquam
584 1545 814 1640 impersonali
854 1553 1035 1620 structura
1073 1551 1262 1638 γίγνεσθαι
1301 1547 1460 1622 occurrit
1526 1553 1560 1620 ct
1598 1569 1681 1620 uero
1720 1546 1878 1620 uidimus
1916 1547 2074 1622 additum

276 1733 281 1742 ,
323 1659 399 1750 εἰμί
422 1655 477 1728 bis
505 1657 555 1750 (2)
1026 1649 1053 1732 ὦ
1079 1658 1259 1732 duodecies
1286 1658 1363 1754 (12)
1577 1663 1654 1758 εἴην
1680 1658 1736 1732 bis
1762 1655 1814 1758 (2)

322 1770 357 1839 εἶ
387 1767 495 1839 semel
522 1767 574 1862 (1)
589 1764 612 1858 1)

324 1881 402 1952 ἐστί
426 1877 471 1951 ad
497 1876 574 1968 ολός
598 1907 633 1952 τε
659 1880 891 1974 personaliter
909 1881 981 1954 dic·
1578 1885 1632 1980 εἴη
1659 1880 1704 1954 ad
1730 1877 1806 1971 οἷός
1829 1909 1865 1956 τε
1891 1903 2026 1978 person.

440 1997 517 2062 tum
543 1995 596 2063 ter
610 1986 696 2084 (3)²)
1654 1992 1734 2066 dict
1758 1999 1811 2066 ter
1837 1993 1887 2089 (3)
1899 1989 1930 2090 4)

438 2101 483 2174 ad
501 2097 579 2176 οἶόν
594 2131 628 2176 τε
646 2101 930 2198 impersonaliter
947 2102 1019 2176 dic·
1656 2104 1701 2176 ad
1725 2101 1803 2178 ολόν
1821 2135 1857 2179 τε
1883 2105 2024 2203 impors.

438 2219 516 2286 tum
538 2213 666 2310 septies
689 2221 723 2287 et
739 2213 860 2288 tricies
879 2213 960 2312 (37)
1659 2214 1792 2288 dictum
1818 2222 1872 2289 ter
1893 2217 1944 2312 (3)

323 2331 431 2418 ἐσμέν
459 2325 567 2398 semel
593 2325 643 2420 (1)
1015 2312 1110 2420 ὦμεν
1137 2323 1245 2396 semel
1271 2317 1360 2419 (1)³)

322 2439 395 2509 εἰσί
419 2443 543 2532 quater
570 2437 623 2532 (4)
1014 2427 1083 2511 ὦσι
1109 2436 1217 2510 semel
1243 2435 1295 2530 (1)
1594 2441 1720 2534 εἴησαν
1747 2439 1855 2512 semel
1882 2440 1935 2535 (1)

320 2605 367 2716 ἦν
393 2615 439 2710 (1.
457 2616 559 2712 pers.)
586 2616 788 2712 quindecies
815 2615 893 2714 (15)
1014 2621 1107 2692 εῖναι
1134 2616 1178 2688 ad
1204 2611 1280 2706 οἶός
1307 2644 1343 2688 τε
1369 2613 1601 2710 personaliter
1626 2616 1759 2690 dictum
1785 2623 1909 2712 quater
1935 2618 1987 2710 (4)

318 2717 365 2828 ἦν
380 2726 427 2822 (3.
439 2725 544 2825 pers.)
558 2728 602 2800 ad
615 2725 691 2818 οἰός
704 2758 739 2801 τε
750 2751 885 2824 person.
895 2728 967 2801 dic·
1138 2726 1183 2804 ad
1201 2722 1278 2800 οἷόν
1298 2756 1333 2801 τε
1360 2725 1643 2823 impersonaliter
1665 2727 1798 2801 dictum
1818 2729 1980 2802 undecies
1998 2729 2074 2823 (11)

435 2845 513 2912 tum
529 2840 716 2936 quinquies
734 2847 767 2912 et
780 2840 891 2913 uicies
905 2838 983 2932 (25)

435 2952 479 3024 ad
505 2951 789 3048 impersonaliter
814 2952 946 3024 dietum
1016 2950 1067 3026 olo
1092 2959 1146 3025 ter
1171 2949 1236 3044 (3),
1273 2945 1315 3022 ὅν
1342 2949 1387 3023 ad
1413 2947 1491 3024 cido
1518 2981 1554 3024 τε
1579 2951 1863 3049 impersonaliter
1888 2952 2022 3026 dictum

437 3064 543 3137 octies
570 3071 604 3137 et
630 3064 749 3137 tricies
776 3063 852 3160 (38)
1167 3060 1275 3134 semol
1293 3061 1353 3156 (1),
1389 3055 1489 3152 ὄντες
1515 3063 1571 3136 bis
1598 3063 1660 3158 (2),
1691 3052 1800 3138 οὖσαι
1827 3064 1936 3138 semol
1962 3065 2022 3161 (1),

319 3163 409 3276 ἦμεν
436 3180 489 3248 ter
515 3175 567 3270 (3)
1162 3171 1272 3264 όντας
1299 3171 1407 3247 semel
1433 3172 1484 3268 (1)

303 3277 382 3387 »ἦτε
409 3285 517 3360 semel
543 3284 595 3384 (1)

320 3390 416 3499 ἦσαν
444 3397 571 3493 septies
599 3396 650 3492 (7)

321 3569 424 3636 ἔσται
441 3567 494 3634 ter
509 3559 561 3656 (3)
575 3559 815 3656 (quibuslocis
830 3559 993 3633 omnibus
1045 3565 1165 3632 ἔσοιτο
1193 3557 1238 3631 ad
1263 3553 1340 3648 οἶός
1361 3587 1396 3632 τε
1422 3558 1654 3653 personaliter
1680 3559 1814 3634 dictum
1841 3562 1949 3635 semel
1971 3563 2022 3656 (1)

434 3669 510 3762 οἰός
537 3701 572 3746 τε
597 3693 733 3768 person
758 3671 891 3744 dictum
917 3671 984 3764 cst)

267 3745 270 3750 Ι
320 3781 485 3880 ἐσόμεθα
512 3783 621 3858 semel
647 3783 699 3876 (1)
1046 3787 1200 3854 ἔσεσθαι
1226 3781 1334 3854 semel
1360 3778 1412 3880 (1)

320 3903 467 3970 ἔσονται
493 3902 547 3968 ter
573 3889 663 3988 (3)⁵)
1041 3899 1214 3988 ἐσομένου
1242 3893 1287 3964 ad
1313 3889 1389 3983 οἶός
1409 3921 1445 3966 τε
1472 3893 1703 3988 personaliter
1729 3894 1861 3968 dictum
1888 3895 1996 3968 semel
2020 3896 2073 3990 (1)

320 4065 470 4152 ἐγίγνετο
499 4057 607 4132 semel
633 4056 693 4152 (1),
719 4059 879 4147 ἐγίνοντο
908 4054 1015 4130 semel
1042 4057 1054 4146 (
1059 4054 1094 4147 1)

320 4167 491 4271 ἐγενόμην
517 4177 570 4242 ter
596 4169 656 4266 (3),
696 4175 829 4259 ἐγένετο
856 4167 1045 4264 quinquies
1071 4167 1131 4260 (5)
1157 4173 1318 4258 ε’γενοντο
1346 4165 1454 4241 semel
1481 4169 1532 4261 (1)

320 4290 478 4378 γένωμαι
506 4280 614 4355 semel
640 4279 675 4373 (1
681 4284 692 4370 )

320 4397 488 4493 γενοίμην
516 4391 624 4467 semel
650 4391 713 4487 (1),
752 4394 949 4486 γενοίμεθα
978 4387 1087 4462 semol
1113 4387 1166 4488 (1)

321 4511 533 4600 γενομένους
560 4502 668 4577 semel
693 4501 746 4598 (1)

320 4613 557 4716 γενησόμενος
581 4613 690 4689 semel
717 4613 769 4710 (1)

321 4727 485 4822 γεγόνατε
512 4725 621 4802 semel
646 4727 707 4823 (1),
739 4719 904 4817 γεγόνασι
932 4721 1039 4795 semel
1066 4721 1128 4818 (1).

423 4919 448 4998 ¹)
472 4921 553 4980 idam
574 4916 705 4978 Antisth.
727 4913 774 4976 Ul.
798 4915 827 4974 5.

423 5005 449 5088 ²)
471 5008 552 5068 idem
573 5004 670 5066 Alcid.
693 5003 731 5063 de
752 5001 837 5079 soplu
861 5001 909 5062 10.
931 5071 935 5078 ,

424 5091 450 5172 ³)
472 5094 553 5154 idem
575 5091 672 5152 Alcid
695 5089 733 5150 de
756 5087 839 5166 soph.
863 5088 914 5150 31.

422 5177 449 5260 ⁴)
472 5179 552 5242 idem
574 5177 670 5240 Alcid.
694 5177 732 5237 de
754 5175 837 5252 soph.
861 5175 878 5234 7
903 5175 959 5236 bis.

422 5265 449 5352 1)
471 5269 551 5329 idem
573 5265 669 5328 Alcid.
691 5265 730 5325 de
752 5262 835 5341 soph.
859 5265 888 5338 6,
912 5255 1039 5337 ἐσόμεθα
1063 5259 1159 5320 Aloid.
1182 5259 1221 5320 de
1242 5254 1324 5333 soph.
1349 5257 1399 5316 30.
