4606 5756
304 521 375 574 aco.
402 497 493 596 sing.
517 501 643 590 βελτίω
670 496 787 572 sexies
801 492 824 591 ¹)
851 499 911 594 (6),
945 496 1081 574 ἐλάττω
1108 498 1296 597 quinquies
1323 500 1384 595 (5),
1415 502 1545 574 καλλίω
1573 500 1681 574 66661
1708 501 1771 597 (1),
1801 503 2004 574 καλλίονα

462 609 571 684 66661
598 609 658 704 (1),
692 614 837 707 κρείττω
864 611 1053 708 quinquies
1079 612 1139 706 (5),
1172 607 1316 706 pretini)
1342 611 1507 685 undecies
1539 613 1624 707 (11),
1658 616 1764 688 πλείω
1801 611 1916 686 sexies
1943 613 2004 706 (0),

461 725 646 795 πλείονα
672 727 725 794 161
751 721 812 817 (3),
836 727 941 824 χείρω
967 729 1022 796 161
1047 723 1107 818 (3),
1131 727 1302 824 χείρονα
1328 723 1384 798 bis
1410 723 1478 818 (2);

298 855 388 906 666.
415 831 507 929 plur.
534 837 700 926 αἰσχίους
734 833 843 908 66661
869 835 930 930 (1),
963 831 1133 930 ἀμείνους
1159 833 1268 908 66661
1294 832 1356 932 (1),
1390 837 1552 930 βελτίους
1583 840 1706 931 666161
1733 834 1793 928 (4),
1830 830 2002 924 ἐλάττους
2042 923 2046 930 Ι

461 950 516 1016 161
541 942 602 1038 (3),
632 943 758 1045 ἡδίους
785 946 979 1042 6611161(1),
1012 950 1159 1036 κακίους
1186 946 1294 1020 6611161
1320 946 1379 1040 (1),
1412 951 1594 1046 κρείττους
1619 951 1743 1043 666161
1769 945 1828 1040 (4),
1861 947 2003 1041 μείζους

382 1109 384 1116 ,
463 1055 579 1129 sexies
606 1055 667 1152 (6),
692 1061 835 1149 πλείους
861 1057 1052 1132 terdecies
1080 1057 1166 1152 (13),
1189 1063 1331 1153 χείρους
1356 1063 1481 1154 quater
1506 1059 1574 1153 (4);

305 1189 374 1241 666.
401 1166 492 1264 plur.
519 1163 692 1264 ἀμείνους
719 1168 826 1242 66661
845 1169 908 1263 (1),
932 1173 1093 1265 βελτίους
1111 1167 1217 1243 661166
1236 1165 1297 1268 (8),
1323 1167 1496 1260 ἐλάττους
1522 1174 1646 1266 quater
1663 1168 1724 1262 (4),
1753 1163 1878 1267 ἥττους
1893 1165 2002 1240 66661

466 1279 528 1374 (1),
553 1283 735 1378 κρείττους
752 1280 936 1380 6611161(1),
961 1283 1102 1378 μείζους
1119 1281 1320 1377 6116161(4),
1345 1283 1550 1376 μείζονας
1575 1281 1630 1354 bis
1649 1279 1709 1374 (2),
1734 1283 1877 1368 πλείους
1894 1275 2001 1351 661166

463 1390 523 1485 (8),
560 1396 772 1482 πλείονας
798 1391 853 1466 bis
880 1393 941 1488 (2),
963 1397 1105 1494 χείρους
1130 1393 1186 1466 bis
1213 1392 1279 1488 (2);

303 1501 394 1599 plur.
421 1523 497 1600 gen.
523 1508 635 1576 neutr.
663 1507 792 1597 αἰσχίω
821 1504 930 1578 66661
948 1504 1007 1599 (1),
1034 1501 1167 1600 ἀμείνω
1189 1503 1298 1578 66661
1316 1504 1376 1598 (1),
1400 1507 1523 1598 βελτίω
1551 1500 1839 1595 terdeciens),
1865 1495 2000 1572 ἐλάττω

462 1614 591 1710 septies
618 1613 731 1688 decies
758 1615 845 1710 (17),
870 1612 1090 1689 ἐλάττονα
1117 1615 1172 1690 bis
1199 1615 1259 1710 (2),
1291 1620 1438 1714 κρείττω
1466 1613 1574 1688 66661
1598 1613 1658 1708 (1),
1688 1613 1794 1708 μείζω
1821 1609 2001 1684 duodecies

460 1725 548 1820 (12),
572 1727 761 1822 μείζονα
787 1726 976 1823 quinquies
1003 1727 1063 1820 (5),
1089 1729 1195 1800 πλείω
1222 1725 1451 1800 (166161116166
1478 1725 1565 1820 (28),
1589 1727 1768 1799 πλείονα
1795 1728 1848 1795 161
1874 1721 1933 1816 (3).

204 1877 208 1882 -
350 1835 437 1912 hino
463 1837 708 1935 cognoscimus
734 1837 997 1911 nominatiuum
1023 1837 1198 1935 pluralem
1224 1838 1365 1936 generis
1378 1836 1581 1912 'masculini
1598 1857 1777 1932 nusquam
1795 1856 1872 1908 6666
1889 1833 2002 1906 disso-

197 1946 325 2042 lutum,
350 1949 555 2023 accusatiuo
583 1948 763 2046 singulari
788 1955 823 2022 61
840 1949 1044 2024 6666661166
1070 1949 1204 2046 plurali
1230 1949 1370 2048 generis
1397 1947 1591 2023 masculini
1608 1953 1643 2021 et
1659 1946 1878 2020 6661661166
1897 1967 2001 2020 6666-

198 2057 384 2156 satiuoquo
408 2059 543 2159 plurali
569 2059 711 2160 generis
737 2061 901 2134 neutrius
927 2060 1038 2134 66116
1066 2061 1209 2158 saepius
1236 2061 1494 2158 comparatiuos
1520 2059 1603 2134 illos
1626 2081 1704 2134 esse
1721 2063 1926 2150 contractos,
1953 2055 2001 2129 22

196 2169 286 2244 locis
312 2169 512 2266 dissolutos.
563 2194 628 2246 uec
654 2194 736 2246 uero
761 2171 925 2246 existimo
951 2195 1014 2268 pro
1040 2171 1224 2246 dissolutis
1249 2173 1375 2246 formis
1402 2171 1667 2246 substituendus
1689 2193 1767 2244 esse
1784 2173 2000 2244 contractas:

198 2281 327 2354 etenim
353 2282 386 2356 si
411 2269 756 2378 1116616666166
782 2283 908 2382 paucis
933 2283 1021 2358 locis
1047 2283 1267 2358 incubemus
1294 2283 1447 2378 hiatum,
1477 2307 1581 2379 quem
1613 2289 1653 2356 ut
1679 2281 1849 2364 uitiosum
1875 2279 2000 2354 Demo·

201 2391 359 2467 sthenem
384 2393 526 2492 fugisse
551 2417 652 2468 nemo
678 2395 800 2470 nescit
852 2396 982 2492 itaque.
997 2418 1042 2470 66
1067 2395 1133 2468 fiat
1157 2395 1290 2487 hiatus,
1319 2393 1502 2470 retinenda
1537 2401 1638 2468 sunt:
1679 2390 1855 2468 ἐλάττονα
1883 2391 1917 2467 8.
1944 2391 2003 2484 25,

203 2503 236 2577 9.
264 2504 320 2598 25,
343 2507 490 2601 μείζονα
520 2505 576 2581 19.
603 2506 687 2600 220,
714 2507 772 2582 20.
801 2507 883 2600 124,
909 2511 1056 2582 πλείονα
1084 2506 1116 2580 2.
1143 2507 1167 2581 3
1194 2507 1260 2601 1116,
1285 2506 1343 2580 21.
1371 2506 1429 2600 73,
1455 2505 1513 2580 28.
1541 2505 1574 2598 9,
1599 2505 1657 2583 39.
1685 2505 1743 2598 29,
1771 2508 1917 2604 χείρονα
1944 2503 2002 2576 24.

201 2613 258 2689 29.
310 2639 396 2692 nam
422 2617 501 2691 siue
527 2645 683 2710 -cca,
711 2618 789 2692 6166
814 2659 865 2672 —-
891 2619 942 2693 ον’
969 2617 1155 2713 scribitur,
1193 2642 1215 2693 6
1246 2617 1479 2692 Demosthene
1513 2617 1607 2714 apud
1630 2615 1799 2713 populum
1825 2614 1884 2689 nel
1910 2614 2004 2711 apud

197 2725 331 2801 iudices
359 2735 484 2827 agente
511 2759 536 2804 α
561 2729 727 2824 litteram,
752 2729 913 2827 quotiens
940 2730 973 2802 61
998 2729 1134 2804 uocalis
1164 2729 1322 2805 subiecta
1347 2735 1432 2824 erat,
1457 2728 1584 2803 elisam
1610 2733 1644 2802 61
1670 2750 1899 2825 suppressam
1926 2749 2004 2801 esse

198 2845 473 2932 consentaneum
499 2845 561 2916 est
613 2842 826 2939 eandemque
852 2841 894 2916 ob
921 2865 1069 2916 oausam
1094 2864 1241 2938 prorsus
1268 2841 1444 2916 assentior
1467 2839 1671 2934 Benselero,
1706 2861 1788 2913 cum
1819 2839 1873 2933 (16
1898 2839 2003 2912 hiatu

196 2949 238 3023 16
262 2952 460 3026 oratoribus
486 2952 617 3026 Atticis
644 2959 679 3027 61
703 2953 885 3027 historicis
913 2951 1071 3048 Graecis,
1095 2952 1285 3052 F1ibsrgae
1311 2953 1420 3046 1841,
1445 2963 1525 3050 pag.
1552 2948 1616 3050 75)
1641 2973 1704 3048 pro
1733 2953 1840 3047 μείζω
1867 2954 1945 3025 ἐστί
1970 2951 2002 3024 0.

201 3061 252 3134 40
279 3065 407 3158 μείζον’
440 3069 518 3139 ἐστί
547 3064 834 3140 substituendum
863 3088 941 3140 esse
974 3060 1138 3158 censctD.
1201 3063 1323 3139 deinde
1357 3068 1506 3138 πλείονα
1541 3063 1574 3138 8.
1601 3063 1650 3138 25
1681 3068 1716 3136 61
1741 3058 1916 3137 ἐλάττονα
1944 3060 2002 3134 20.

200 3173 275 3246 124
309 3175 485 3250 seruanda
520 3199 596 3250 esse
629 3176 731 3270 duco,
766 3175 853 3273 qnia
884 3176 1103 3273 longioribus
1137 3175 1458 3273 comparatiuorum
1493 3174 1617 3248 formis
1644 3173 1749 3270 66661
1775 3171 2001 3269 respondent:

198 3285 291 3381 quod
317 3285 349 3360 si
375 3287 442 3362 1116
468 3285 774 3384 contraherentur,
806 3287 1008 3386 inaequalis
1035 3293 1128 3362 esset
1153 3287 1272 3362 oratic.
1325 3285 1434 3384 quid?
1466 3287 1524 3360 24.
1552 3285 1599 3360 29
1627 3283 1724 3377 (οὔτε
1749 3287 1894 3381 χείρονα
1921 3279 2002 3357 οὔτε

195 3398 323 3488 βελτίω
350 3393 464 3494 νόμον
492 3397 608 3473 οὐδε-’ν’
627 3396 827 3500 εἰσήνεγκεν
845 3396 976 3496 οὐδείς)
1003 3422 1066 3498 ego
1091 3423 1163 3472 non
1180 3399 1309 3494 dubito,
1334 3398 1422 3494 quin
1435 3397 1582 3471 eandem
1599 3399 1641 3471 ob
1659 3417 1807 3470 causam
1824 3397 2001 3488 βελτίονα,

197 3507 292 3602 6661
317 3509 436 3582 66116
453 3510 572 3584 Ales
599 3510 786 3604 codicibus,
811 3511 851 3584 in
869 3511 1055 3586 uerborum
1082 3516 1247 3586 66616116
1274 3511 1323 3584 611
1348 3509 1593 3606 reponendum.
1644 3513 1790 3600 restant,
1816 3529 1906 3603 quae
1932 3528 2002 3579 666

197 3626 419 3694 excusantur
445 3621 557 3716 hiatu,
583 3626 754 3696 καλλίονα
783 3622 840 3696 16.
868 3623 901 3717 9,
924 3626 1069 3722 χείρονα
1098 3623 1154 3697 18.
1183 3623 1245 3716 10,
1275 3624 1420 3718 μείζονα
1454 3621 1511 3694 19.
1540 3619 1622 3712 142,
1657 3619 1714 3692 20.
1743 3619 1802 3712 28,
1833 3618 1891 3693 23.
1920 3617 2002 3692 129.

193 3729 307 3826 quid?
339 3731 372 3805 61
401 3731 474 3805 illis
500 3733 597 3828 locis,
623 3734 685 3807 ubi
711 3733 815 3808 hia-tu
840 3733 1107 3832 flagitabantur,
1132 3733 1307 3831 longiores
1334 3733 1468 3806 formas
1494 3753 1619 3828 ponere
1651 3729 1905 3804 Demosthenes
1931 3752 2003 3803 nou

194 3841 386 3937 1611116611,
415 3867 531 3917 66666
564 3845 641 3918 6611
669 3845 786 3919 616116
812 3852 867 3920 661
892 3846 938 3919 ab
963 3845 1080 3919 66166
1106 3845 1213 3918 etiam
1240 3844 1325 3918 aliis
1351 3843 1449 3937 locis,
1484 3843 1545 3916 ubi
1571 3842 1781 3916 necessitate
1806 3863 1876 3914 non
1903 3863 2002 3938 coge-

194 3961 305 4048 retur,
332 3955 466 4056 soripta
491 3979 569 4030 esse
593 3961 738 4058 χείρονα
764 3958 935 4052 peliaco?
982 3955 1072 4054 quod
1099 3957 1132 4030 si
1157 3957 1228 4050 des,
1253 3955 1328 4030 iam
1353 3977 1495 4028 necesse
1521 3960 1575 4028 est
1601 3953 1769 4028 concedas
1795 3976 1865 4026 non
1883 3951 2003 4027 aliena

195 4087 279 4140 6666
305 4090 327 4140 6
352 4065 601 4141 Demosthenis
634 4091 792 4142 sermone
816 4071 981 4164 μείζονας
1007 4074 1041 4142 61
1065 4071 1245 4158 πλείονας,
1273 4091 1363 4162 quae
1389 4089 1492 4141 uoces
1519 4065 1722 4140 consimiles
1757 4065 1831 4138 sint
1856 4066 2002 4160 μείζονα

194 4185 230 4250 61
257 4180 407 4252 πλείονα
434 4175 697 4271 666666116164).
748 4179 868 4277 116666
901 4185 942 4253 61
967 4179 1067 4252 breui
1100 4178 1401 4275 comprehendam,
1435 4177 1525 4274 quod
1551 4177 1677 4251 sentio:
1721 4175 2003 4252 aDemcsthene

192 4287 391 4380 dissolutas
418 4290 552 4365 formas
580 4297 721 4387 excepte
745 4291 964 4364 nominatiuo
990 4290 1124 4387 plurali
1144 4289 1284 4389 generis
1311 4289 1504 4364 masculini
1522 4294 1717 4385 usurpatas
1734 4311 1812 4362 esse
1829 4289 2002 4362 existimo.

350 4401 425 4475 166
452 4423 535 4475 uero
561 4403 606 4476 ad
641 4403 892 4501 suppositioias
919 4402 1093 4476 orationes
1124 4407 1158 4476 et
1187 4401 1364 4499 prooemia
1393 4407 1428 4475 et
1454 4400 1628 4498 epistulas
1654 4405 1890 4474 transeamus.
1943 4399 2003 4473 sed

190 4511 366 4609 quoniam
402 4513 444 4588 de
469 4512 530 4588 his
561 4513 681 4609 libris,
712 4516 774 4611 qui
801 4515 974 4590 6661116
1000 4514 1182 4612 compositi
1210 4513 1283 4587 sint
1309 4536 1420 4610 neque
1446 4513 1566 4587 eadem
1593 4519 1706 4586 aetate
1732 4511 1894 4604 confecti,
1925 4533 2000 4584 rec·

189 4631 272 4698 tum
299 4623 474 4698 iudicium
504 4625 619 4699 facere
649 4625 904 4700 difficillimum
930 4631 999 4721 661,
1031 4627 1121 4700 satis
1153 4625 1263 4700 habeo
1298 4625 1445 4724 singula
1475 4623 1638 4723 deinceps
1672 4623 1834 4721 exempla
1867 4621 2002 4696 6116116.

190 4736 357 4812 uidimus
383 4742 518 4812 autem:

352 4906 378 5030 ἒ)
401 4908 454 4970 sed
477 4908 527 4970 24.
550 4909 591 5056 2?
614 4909 739 5014 (16111666
762 4908 874 4970 ΜΗ.

324 5066 330 5092 ³
352 4994 835 5162 ’12111211616161111111118116111
856 5083 1044 5160 1116166116,
1065 5083 1257 5145 retinendum
1276 5087 1331 5160 661,
1353 5084 1391 5146 61.
1413 5081 1565 5158 Bsnselsr,
1586 5081 1625 5142 de
1646 5081 1739 5158 11616,
1760 5099 1789 5160 p.
1815 5081 1884 5142 135.

353 5165 380 5250 ⁴)
402 5170 435 5230 111
456 5170 557 5232 uerbis
579 5163 630 5228 οὐκ
647 5167 701 5230 oto'
718 5165 763 5228 ὅτι
778 5173 819 5228 δεῖ
840 5173 918 5230 6161
922 5193 943 5228 ω
965 5175 1051 5249 λέγων
1066 5173 1098 5234 ei
1112 5169 1263 5233 similibus
1276 5168 1478 5236 locutionibus
1493 5169 1530 5232 ab
1545 5168 1684 5256 0111111006
1701 5185 1819 5248 semper
1834 5166 2002 5246 0161011066

188 5260 315 5324 πλείω,
339 5275 400 5321 11011
421 5261 535 5318 πλείονα
558 5257 673 5321 dicium
695 5259 750 5321 661.
1348 5261 1354 5266 “
