4606 5756
1143 305 1189 380 12

264 516 452 612 quoddam:
481 515 578 588 Dem.
596 515 654 588 31.
675 515 722 588 13
742 511 807 614 τὴν
826 510 1008 614 ἀλήθειαν
1027 519 1197 588 σκεπτέον
1224 509 1289 606 οὐχ
1316 507 1414 602 ἅτις
1440 511 1716 612 παρεσκεύακεν,
1745 516 1803 588 27.
1823 517 1870 589 52
1899 515 1942 590 οὐ
1970 521 2064 591 τοῦτ’

263 629 378 722 (ταῦτ’
391 626 471 720 As)
499 623 596 724 αὐτῷ
623 633 776 716 λεκτέον,
804 623 878 699 ἀλλ’
894 623 943 716 ὡς
968 627 1189 725 παρέδοσαν,
1217 623 1258 696 of.
1285 622 1369 717 Lys.
1396 623 1453 696 26.
1480 625 1513 698 8.

417 737 565 832 denique
599 737 665 810 hoc
699 737 772 810 loco
799 758 1069 810 commemorare
1094 735 1177 808 licet
1202 739 1330 808 neutra
1354 735 1607 810 adiectiuorum
1643 736 1703 811 uel
1727 739 1975 834 pronominum
2002 739 2062 812 ad·

263 850 471 924 iectiuorum
498 846 685 944 pluraliter
711 848 804 922 diota
829 847 950 921 rarius
974 846 1122 920 subiecti
1147 846 1264 920 locum
1291 846 1459 920 obtinere:
1488 847 1578 921 And.
1607 849 1638 922 1.
1668 847 1740 922 136
1769 855 1883 924 ταῦτα
1911 858 2063 948 ποιητέα

265 951 323 1062 ἦν,
350 959 447 1034 Dom.
463 960 520 1032 21.
547 959 596 1032 40
625 960 679 1054 (A.
703 957 738 1054 S,
763 959 946 1058 legebatur
973 965 1088 1032 ταῦτα
1115 957 1278 1050 λεκτέον),
1304 957 1363 1031 36.
1387 956 1447 1051 30,
1473 958 1646 1032 Aesoh.l.
1667 959 1750 1053 138,
1776 960 1943 1034 Dinaroh.
1964 960 1996 1034 2.
2025 961 2063 1053 1;

265 1073 408 1168 saepius
434 1094 476 1144 ea
513 1070 712 1144 condicione
747 1071 961 1144 adiectiunm
987 1067 1129 1142 uerbale
1154 1067 1192 1140 Π
1219 1068 1502 1165 impersonaliter
1527 1071 1627 1166 poni:
1665 1071 1770 1144 Isocr.
1799 1072 1830 1144 2.
1858 1072 1891 1164 9,
1924 1072 1980 1144 12.
2008 1072 2066 1162 24,

265 1183 349 1276 152,
377 1183 433 1255 13.
460 1183 494 1274 3,
522 1183 578 1256 15.
607 1183 664 1274 19,
690 1181 786 1254 Dem.
814 1183 846 1254 6.
874 1182 907 1273 5,
934 1181 991 1254 22.
1019 1177 1107 1272 57¹).

418 1299 607 1390 antequam
633 1293 674 1366 de
700 1295 886 1366 uerborum
913 1292 1169 1366 constructione
1196 1291 1367 1365 disserere
1393 1315 1547 1390 pergam,
1579 1294 1819 1391 quaestionem
1849 1295 2067 1392 interponere

264 1406 349 1480 libet
376 1411 416 1477 ut
442 1403 614 1501 pusillam
640 1405 693 1478 ita
718 1427 790 1477 non
814 1404 920 1500 plane
946 1401 1242 1497 contemnendam,
1266 1426 1374 1498 quam
1393 1405 1508 1478 sedern
1534 1405 1662 1479 habere
1681 1406 1791 1480 soleat
1816 1408 1963 1480 uerbum
1983 1408 2065 1480 sub·

265 1517 473 1609 stantiuum,
499 1539 580 1589 cum
607 1517 651 1590 ad
678 1515 892 1589 adiectiuum
918 1515 1060 1589 uerbale
1086 1513 1124 1587 ΙΙ
1151 1514 1199 1586 sit
1226 1515 1441 1590 adiunctum,

315 1633 393 1704 ἐστί
413 1651 485 1700 nox
511 1627 726 1724 praecedit
752 1627 965 1700 adiectiuum
992 1626 1134 1700 uerbale
1160 1628 1249 1720 (ἐστὶ
1277 1630 1461 1720 σκεπτέον)

315 1742 355 1813 in
381 1738 578 1812 enuntiatis
604 1737 788 1834 primariis
815 1738 927 1811 decies
955 1739 1030 1832 (10)
1042 1734 1077 1830 1),
1104 1737 1165 1810 sed
1191 1737 1251 1829 ita,
1285 1745 1326 1811 ut
1357 1740 1512 1834 quinque
1538 1739 1625 1813 locis
1652 1741 1826 1814 uocabula
1859 1741 2066 1839 interposita

433 1851 506 1923 sint
532 1851 644 1942 (ἔστιν
670 1849 758 1945 ὑμῖν
786 1851 982 1942 σκεπτέον),

315 1964 355 2036 in
382 1961 578 2035 enuntiatis
607 1961 826 2034 secundariis
855 1960 970 2034 sexies
998 1957 1094 2054 (6)3),
1121 1959 1181 2032 sed
1208 1967 1373 2054 quattuor
1399 1961 1486 2034 locis
1513 1962 1688 2036 uocabula
1713 1963 1922 2059 interposita
1949 1970 2043 2058 sunt,

318 2080 395 2149 ἐστί
418 2095 490 2146 nox
517 2073 804 2168 subsequitur
829 2073 1043 2144 adiectiuum
1067 2069 1209 2143 uerbale

317 2187 356 2259 in
382 2185 578 2258 enuntiatis
604 2184 788 2281 primariis
814 2181 1118 2280 undequadragies
1146 2181 1222 2275 (39)
1249 2223 1299 2234 --
1327 2183 1500 2256 uocabula
1526 2185 1734 2281 interposita
1761 2193 1846 2259 sunt
1866 2187 1910 2260 11
1936 2183 2069 2281 locist),

317 2297 356 2370 in
382 2297 578 2370 enuntiatis
605 2295 826 2370 secundariis
852 2293 1056 2370 undeuicies
1083 2293 1168 2388 (19).

316 2413 409 2483 εἶναι
441 2408 646 2482 infinitiuns
686 2406 913 2504 praecedit
947 2406 1161 2480 adiectiuum
1187 2405 1328 2479 uerbale
1356 2406 1485 2502 septies
1520 2407 1570 2502 (7)
1598 2449 1646 2460 —-
1673 2430 1744 2480 uno
1782 2408 1856 2480 loco
1895 2409 2069 2482 uocabula

432 2520 641 2617 interposita
667 2525 760 2610 sunt

435 2631 708 2727 subsequitur
733 2637 786 2703 ter
811 2629 924 2702 decies
952 2624 1061 2722 (13p)
1089 2671 1137 2684 —-
1165 2629 1338 2702 uocabula
1364 2652 1434 2702 uno
1461 2630 1535 2702 loco
1562 2629 1778 2725 interposita.

318 2733 365 2842 ἦν
391 2766 462 2816 uox
487 2743 706 2842 praecedit
733 2741 947 2816 adiectiuum
972 2741 1114 2814 uerbale

317 2856 357 2927 in
383 2856 565 2929 enuntiato
591 2853 760 2952 primario
788 2853 895 2927 semel
922 2853 982 2946 (1),

316 2968 356 3040 in
383 2968 564 3041 enuntiato
591 2967 797 3040 secundario
825 2965 933 3038 semel
959 2964 1008 3059 (1)
1035 2965 1253 3061 interpositis
1279 2965 1472 3058 uocabulis,

435 3079 723 3175 subsequitur

318 3192 357 3264 in
384 3193 565 3266 enuntiato
592 3191 760 3288 primario
787 3190 841 3262 bis
869 3190 919 3282 (2)
946 3230 995 3242 -
1022 3188 1207 3261 uocabulis
1230 3189 1441 3284 diremptum
1468 3210 1538 3260 unc
1564 3188 1647 3280 loco,

319 3303 434 3378 ὄντων
461 3303 747 3400 subsequitur
774 3301 882 3374 semel
909 3295 1004 3394 (1)“).

423 3546 448 3624 ¹)
470 3545 657 3624 neglegenda
679 3546 758 3617 sunt,
781 3560 857 3620 qnae
879 3541 990 3620 scripta
1012 3542 1151 3604 uidemus
1173 3541 1264 3603 Isocr.
1288 3543 1316 3601 2.
1332 3543 1383 3617 49,
1405 3542 1434 3602 4.
1451 3543 1479 3618 8,
1503 3542 1619 3616 5.132,
1644 3541 1692 3600 15.
1711 3539 1781 3612 285,
1805 3555 1850 3616 ep.
1869 3537 1896 3601 2.
1915 3537 1963 3614 14,
1987 3537 2069 3597 Dem.

269 3630 342 3714 [lo]
368 3637 417 3710 71,
439 3652 567 3712 prooem.
594 3637 619 3693 1.
641 3633 669 3706 2,
691 3633 848 3709 propterea
870 3630 950 3706 quod
973 3629 1005 3688 in
1027 3630 1201 3707 compositis
1223 3629 1387 3689 enuntiatis
1409 3630 1507 3707 posita
1530 3633 1607 3690 sunt.
1653 3628 1690 3687 ef.
1712 3643 1780 3704 pag.
1806 3627 1822 3684 7
1847 3643 1955 3702 pruxx.

422 3737 447 3815 ²)
471 3739 525 3800 Sed
546 3737 630 3798 Dem.
654 3737 703 3796 21.
730 3734 788 3794 142
813 3734 867 3790 ε’στῖ
889 3751 945 3793 om.
960 3731 1059 3808 Y.0.S‚
1083 3729 1155 3816 (58.)
1179 3736 1219 3792 55
1243 3736 1373 3806 τηρητέον·
1395 3735 1454 3790 εὀτί
1475 3734 1596 3794 inuerso
1617 3731 1721 3791 ordine
1742 3733 1801 3790 As.

427 3840 452 3922 ²¹)
474 3843 566 3904 Isocr.
592 3843 640 3905 14.
666 3842 704 3898 15
728 3843 786 3896 ἐστὶ
808 3855 864 3897 om.
892 3845 923 3896 θ.

423 3946 449 4026 ⁴)
471 3949 562 4009 Isocr.
579 3948 606 4008 9.
629 3947 666 4004 11
684 3947 715 4004 et
736 3944 783 4002 12.
800 3943 840 4003 37
864 3941 953 4002 lectio
975 3940 1095 4017 uolgata
1117 3945 1176 3998 ἐστι’
1197 3958 1302 4002 uocem
1324 3946 1355 4002 et
1375 3942 1559 4003 adiectiurmr
1581 3940 1702 4002 uerbele
1725 3957 1785 4000 non
1807 3939 1958 3999 disiuncta
1972 3937 2071 3998 babet.

424 4049 450 4131 1)
471 4051 593 4130 neglexi
616 4049 699 4110 Dem.
722 4065 850 4126 prooem.
875 4047 924 4120 23,
949 4047 976 4120 2,
999 4045 1069 4123 quia
1090 4046 1182 4106 uerba
1203 4049 1342 4123 corrupta
1364 4063 1431 4107 esse
1452 4050 1583 4124 apparet.

424 4155 451 4238 1)
475 4155 543 4215 εἶναι
565 4155 692 4216 uerbum
715 4152 937 4214 substantiuum
959 4149 1136 4210 collocatum
1158 4153 1216 4208 est:

522 4245 552 4320 a)
575 4245 660 4322 post
681 4241 864 4301 adiectiuum
885 4237 1006 4298 uerbale
1027 4235 1059 4296 ΙΙ

579 4329 659 4406 apud
681 4327 896 4405 Antiphontem
941 4325 959 4382 2
982 4323 1066 4398 locis,
1089 4324 1181 4384 uerba
1202 4327 1302 4384 autem
1324 4323 1500 4402 interposita
1523 4326 1593 4383 sunt
1640 4321 1655 4381 1
1681 4321 1745 4382 loco

613 4460 629 4491 11
683 4413 870 4513 Δῃᾱροίᾱθω
944 4413 962 4470 2
1023 4453 1038 4486 11
1126 4454 1142 4484 11
1245 4455 1261 4485 11
1407 4454 1423 4486 11
1548 4455 1564 4486 11
1639 4411 1655 4468 1
1702 4453 1718 4484 11

613 4545 629 4578 11
684 4501 808 4578 Lysmm
944 4501 962 4558 3
1023 4542 1039 4574 11
1126 4542 1142 4572 11
1245 4543 1263 4574 11
1407 4542 1423 4574 11
1549 4541 1564 4572 11
1637 4497 1657 4556 0
1703 4539 1719 4571 11

614 4633 629 4666 ,,
684 4587 847 4649 Isocratem
924 4587 963 4645 37
1025 4629 1041 4661 ,,
1129 4630 1144 4660 ,,
1248 4631 1263 4660 ,,
1409 4629 1425 4660 ,,
1550 4628 1566 4660 ,,
1640 4583 1757 4644 9locie

613 4721 629 4752 11
686 4675 807 4736 Isaeum
950 4673 966 4732 1
990 4671 1065 4746 10001
1127 4717 1143 4747 11
1245 4716 1262 4748 11
1408 4717 1423 4747 11
1550 4716 1565 4746 11
1640 4671 1658 4731 ⁰
1681 4669 1747 4730 loco

613 4809 629 4840 ‚,
687 4761 917 4823 Demosthenem
927 4759 968 4820 22
990 4758 1075 4836 locis,
1130 4805 1145 4835 ,,
1248 4804 1263 4836 ,,
1410 4803 1426 4834 ,,
1551 4801 1566 4832 ,,
1643 4758 1658 4816 1
1706 4801 1721 4831 ,,

612 4895 628 4928 u
687 4849 868 4910 Aesoffiflem
947 4851 962 4909 Ῑ
987 4847 1060 4922 10001
1126 4891 1141 4923 π
1246 4891 1261 4922 ν
1409 4891 1424 4920 n
1549 4889 1565 4920 u
1703 4887 1719 4920 u

612 4982 628 5016 11
686 4937 872 5016 Hyperidem
944 4935 964 4994 0
1023 4978 1044 5034 il·
1127 4978 1142 5010 11
1247 4979 1262 5010 11
1408 4977 1424 5008 11
1549 4977 1566 5008 11
1705 4973 1720 5006 11

612 5069 629 5103 κ
687 5023 863 5102 Lycurgum
946 5025 965 5084 2
987 5022 1071 5097 l⁰⁰¹⁸r
1127 5067 1142 5098 ν
1245 5065 1261 5095 κ
1407 5065 1424 5095 u
1549 5064 1565 5094 n
1705 5063 1720 5096 u

613 5158 629 5190 u
687 5111 873 5174 Dinmhum
946 5111 967 5171 4
1026 5154 1042 5187 n
1129 5155 1145 5186 n
1247 5152 1263 5184 n
1409 5151 1424 5184 u
1550 5152 1567 5183 π
1705 5155 1721 5188 2,

577 5225 655 5302 apud
669 5227 913 5281 omnesomtores
928 5221 967 5277 14
990 5217 1072 5290 locis,
1096 5217 1186 5276 trerba
1208 5219 1308 5274 autem
1331 5215 1508 5291 interposita
1530 5223 1601 5278 sunt
1626 5219 1640 5276 1
1688 5219 1778 5296 locis3
