4606 5756
1159 285 1209 384 ‘at

282 535 374 617 anno
392 513 466 588 387
495 491 666 641 scriptam
692 491 769 588 csse
792 489 872 588 ueri
900 489 1019 590 simile
1040 521 1101 611 ιιι,
1127 485 1261 591 Antii.
1281 517 1327 590 77
1355 491 1571 610 condebito,
1596 515 1683 614 quin
1710 513 1865 592 addanae
1892 497 1915 592 a
1939 517 2086 593 librario

282 605 592 699 substitutumt
543 625 592 700 sit
617 647 679 722 pro
706 629 815 716 ἔδοτε,
853 649 961 722 qnam
996 628 1094 702 nocis
1127 627 1279 726 formam
1305 628 1537 725 Antiphontis
1571 633 1684 702 aetate
1709 635 1943 728 peruagatam
1975 629 2089 704 fuisse

281 737 559 830 existimandum
583 745 637 812 est
649 735 684 833 1)

432 849 555 923 deinde
580 849 706 946 qnod
695 873 735 922 nn
761 849 887 946 titulis,
913 851 974 949 qui
1000 857 1079 948 post
1105 873 1241 926 annum
1260 851 1333 928 387
1363 857 1447 925 anto
1472 873 1608 926 aunum
1635 851 1710 926 300
1739 851 1863 952 scripti
1890 857 1985 946 sunt,
2013 851 2085 928 133

280 961 413 1036 formae
428 961 574 1058 regulae
592 962 848 1058 conuenientes,
877 910 923 1038 ιθ
937 963 1070 1038 formae
1086 986 1149 1059 per
1167 993 1186 1039 κ
1213 985 1402 1062 expressae
1429 969 1619 1038 occurrunt
1636 962 1694 1064 (cf.
1708 962 2009 1061 Meisterhansius
2028 963 2086 1039 ll

281 1095 312 1168 p.
333 1073 429 1167 152),
454 1097 671 1184 quamquam
697 1097 767 1148 non
793 1098 991 1176 prorsus
966 1075 1159 1149 eadent
1104 1099 1142 1149 ee
1143 1077 1267 1151 tratio
1285 1081 1463 1150 oratorum
1481 1073 1682 1148 Atticorum
1699 1076 1943 1174 recentiorum,
1967 1081 2086 1149 tamen

280 1171 430 1257 etiam'
419 1209 459 1257 ru
485 1185 613 1258 horum
638 1184 742 1258 libris
777 1187 888 1260 multo
914 1162 1035 1282 plures
1069 1193 1155 1261 snnt
1140 1187 1317 1262 tformae
1343 1186 1503 1284 plurales
1535 1208 1680 1260 normae
1705 1167 1952 1262 conuenientes
1977 1210 2084 1284 quam

282 1296 474 1370 secundum
508 1283 712 1396 analogiam
745 1297 999 1373 trecanum
1037 1299 1131 1396 apud
1161 1299 1354 1374 Isocratem
1385 1299 1530 1373 Isaeum
1563 1297 1836 1374 Demosthenem
1867 1298 2084 1396 Hyperidem

279 1406 485 1507 Lycurgum
512 1409 726 1484 Aeschinem
752 1409 975 1484 Dinarchum
1001 1411 1070 1484 hae
1097 1417 1183 1484 sunt
1207 1433 1353 1486 numero
1379 1410 1440 1504 47,
1463 1410 1549 1485 illac
1578 1409 1661 1484 107.

430 1521 628 1617 requiretur
653 1520 821 1618 fortasse,
854 1545 917 1624 cnr
939 1546 1012 1596 non
1039 1523 1264 1597 adinnrerim
1295 1523 1511 1597 aoristnm‘
1499 1529 1592 1597 ιέναι
1618 1523 1734 1597 uerbi:
1775 1522 1942 1596 confiteor
1965 1543 2022 1595 me
2048 1520 2086 1594 in

280 1631 390 1705 huius
417 1633 541 1706 coristi
567 1633 691 1707 formis
717 1634 944 1730 congerendis
970 1657 1098 1732 parum
1116 1635 1320 1734 diligentem
1339 1633 1460 1732 *fuisse
1497 1641 1538 1707 nt
1563 1634 1626 1732 qui
1642 1633 1776 1709 formas
1794 1634 1833 1706 in
1859 1663 1905 1708 κα
1923 1633 2086 1708 cadentes

280 1765 401 1818 omnes
428 1744 612 1842 collegisse
638 1744 729 1816 mihi
755 1744 887 1840 uidear,
919 1747 1053 1822 formas
1078 1747 1243 1845 uolgares
1276 1768 1346 1820 non
1371 1746 1465 1820 item.
1518 1746 1660 1841 accedit,
1691 1745 1782 1844 qnod
1808 1767 1853 1820 ex
1879 1743 2086 1846 stirpsque

279 1877 350 1929 ιιι
377 1857 492 1930 solnm
519 1856 639 1950 actiui,
675 1857 873 1932 sedetiam
907 1857 1013 1931 medii
1048 1859 1189 1956 generis
1224 1859 1358 1932 formae
1391 1861 1497 1932 natae
1533 1863 1626 1931 sunt
1678 1881 1770 1955 quae
1803 1879 1885 1931 cnm
1920 1855 1974 1958 ita
2005 1855 2089 1948 sint,

282 1967 398 2042 satius
434 1989 512 2042 csse
528 1963 639 2041 'mini
673 1961 795 2042 nisum
832 1975 887 2042 est
918 1969 1013 2043 hanc
1044 1969 1286 2064 quaestionem
1311 1969 1452 2044 differre
1478 1969 1521 2042 in
1556 1969 1655 2043 aliud
1686 1977 1842 2068 tempus:
1875 1969 1941 2042 hoc
1973 1989 2087 2041 unum

280 2079 462 2155 affirmare
485 2081 568 2154 licet
593 2081 726 2154 formas
752 2079 911 2176 plurales
939 2081 983 2153 ab
1009 2081 1081 2180 ὴκα
1107 2081 1273 2154 deductas
1301 2103 1372 2154 non
1397 2103 1476 2155 esse
1492 2080 1567 2155 nisi
1591 2081 1686 2178 apud
1710 2081 1855 2156 Isaeum
1880 2077 2086 2154 Demosthe·

281 2213 362 2268 nem
388 2187 602 2268 Aeschinem
628 2191 868 2266 Dinarchum:
904 2188 1095 2292 ἀφήκαμεν
1128 2191 1217 2268 Isae.
1245 2191 1278 2266 5.
1307 2192 1340 2286 1,
1372 2189 1535 2294 ἀφήκατε
1568 2191 1666 2267 Dem.
1693 2193 1753 2267 36.
1781 2193 1839 2287 10,
1864 2191 1923 2267 38.
1951 2192 2010 2288 18,
2038 2191 2084 2264 27

280 2304 347 2398 bis,
371 2303 499 2380 Aesoh.
517 2305 550 2379 3.
577 2305 637 2400 85,
670 2303 839 2380 Dinarch.
867 2303 899 2378 1.
926 2303 973 2377 57
1002 2303 1068 2398 bia,
1104 2301 1252 2406 ἀφῆκαν
1276 2302 1374 2406 Delu.
1401 2302 1460 2377 36.
1489 2302 1553 2398 10;
1592 2305 1676 2377 item
1702 2301 1849 2406 προήκω
1877 2302 1973 2377 Dem.
2001 2297 2087 2402 [32]

285 2418 342 2512 15,
368 2412 584 2518 προήκασθε
608 2415 705 2492 Dem.
735 2417 792 2492 19.
820 2415 878 2509 78,
903 2415 962 2492 84.

1066 2638 1123 2712 Oa
1155 2643 1200 2712 ut
1225 2637 1299 2713 IV.

315 2771 437 2874 ιιιιι
465 2770 514 2870 ιιι
542 2771 685 2856 nodone
714 2771 896 2864 oratores
921 2769 1034 2861 arco
1060 2661 1380 2874 ιιιιιιιιιιιιιι·
1370 2769 1411 2856 ι
1433 2769 1536 2850 ntro
1558 2763 1757 2851 ordonna
1775 2765 2054 2851 declinarentur

403 2931 802 3059 ¹'Comparationum
791 2957 831 3005 ιι
859 2961 923 3007 ιιι
949 2929 1150 3006 cadentium
1176 2937 1298 3004 utrum
1327 2928 1461 3004 formae
1487 2933 1687 3004 contractae
1712 2950 1761 3002 an
1787 2925 1980 3042 dissolutae
2006 2949 2085 3000 ora-

282 3053 398 3122 torum
424 3047 624 3120 Atticorum
649 3044 811 3142 propriae
837 3067 914 3118 csse
940 3043 1100 3117 uiderent
1085 3049 1153 3135 ι,ιι
1180 3063 1261 3116 cum
1286 3040 1349 3115 diu
1371 3039 1601 3136 quaesissem,
1626 3039 1672 3112 ad
1697 3023 1852 3114 manum
1871 3037 1963 3112 mihi
1988 3038 2088 3112 uenit

283 3158 553 3236 Meisterlransii
579 3157 678 3252 liber,
703 3156 765 3282 qni
790 3161 844 3230 est
829 3156 909 3230 tde
928 3177 1086 3230 sermone
1103 3153 1377 3251 inscriptionum
1403 3150 1614 3226 Atticarum.
1667 3149 1779 3224 Cuius
1796 3149 1958 3246 impulsu
1975 3149 2086 3223 denuo

283 3271 323 3345 in
347 3271 492 3346 eandem
518 3293 592 3344 rem
617 3269 795 3365 inquirere
824 3267 928 3364 coepi,
952 3273 993 3340 ιι
1019 3288 1272 3365 cognoscerem,
1302 3270 1478 3422 quatenns
1508 3284 1590 3336 curn
1612 3258 1729 3336 titulis
1750 3260 1883 3336 Atticis
1909 3265 2087 3336 oratorum

284 3389 515 3482 congruerent
540 3381 633 3456 libri.
1521 3403 1527 3414 ·
1792 3405 1795 3412 ·

437 3495 533 3570 docet
558 3499 677 3568 autem
694 3489 994 3566 Meisterhansius
1020 3489 1044 3563 l.
1060 3489 1084 3568 1.
1101 3513 1133 3586 p.
1155 3487 1265 3590 ιιι
1255 3511 1295 3562 ιι
1320 3485 1438 3564 titanis
1463 3509 1572 3586 prosa
1595 3485 1751 3562 oratione
1777 3483 1980 3584 compositis
2005 3489 2087 3559 ante

284 3607 468 3685 Christum
501 3612 627 3681 natum
660 3603 838 3679 breuiores
869 3600 1135 3676 terminationes
1174 3631 1201 3675 ω
1228 3628 1293 3692 ους
1326 3599 1371 3673 ab
1403 3621 1497 3673 anno
1523 3597 1598 3672 440
1624 3620 1737 3694 usqne
1773 3597 1818 3672 ed
1848 3619 1984 3670 annum
2012 3595 2085 3669 110

284 3745 394 3821 poene
404 3719 517 3796 ‘solae
542 3717 678 3815 positas
704 3737 797 3809 esse,
816 3719 868 3788 ιι
893 3714 1007 3788 forma
1035 3711 1211 3846 dissoluta
1239 3729 1311 3786 non
1337 3710 1478 3808 legatur
1503 3707 1578 3782 nisi
1603 3707 1644 3782 in
1669 3719 1739 3782 urio
1765 3707 1879 3839 titulo,
1902 3707 1966 3804 qni
1992 3704 2086 3781 anti-

284 3835 454 3932 quitatem
480 3829 659 3928 quandam
683 3826 844 3902 redoleat

437 3966 533 4018 nuno
560 3939 785 4039 singulorum
801 3937 964 4033 deinceps
982 3941 1161 4012 oratorum
1180 3933 1314 4030 scripta
1330 3933 1588 4030 perlustramus
1612 3931 1846 4058 exquirentes,
1873 3951 1964 4025 qnae
1980 3928 2088 4004 fuerit

285 4060 412 4134 horum
438 4061 584 4132 consuet
568 4053 650 4128 tudo
668 4049 847 4147 loquendi.
898 4049 964 4123 hoo
990 4069 1072 4122 nero
1098 4064 1345 4144 praemoneam
1368 4049 1514 4140 oportet:
1541 4043 1708 4140 quamuis
1735 4060 1869 4139 magna
1895 4041 1944 4114 sit
1969 4063 2086 4116 exom-

285 4171 436 4270 plorum
450 4167 560 4295 copia,
584 4173 705 4240 tomen
730 4185 786 4236 me
811 4183 883 4236 non
910 4159 1077 4256 spondere
1102 4158 1175 4233 fore
1200 4163 1242 4232 nt
1267 4156 1388 4231 omnia
1404 4154 1618 4230 afferantur:
1646 4177 1733 4230 nam
1758 4175 1840 4228 cum
1866 4165 1978 4249 neque
2003 4175 2085 4226 con·

284 4283 424 4358 hunam
448 4281 489 4354 in
513 4277 721 4404 colligendis
738 4271 910 4368 exemplis
935 4293 1078 4368 oporam
1095 4291 1222 4367 ponere
1240 4267 1331 4342 mihi
1347 4266 1478 4361 liceret,
1503 4287 1615 4363 neque
1631 4263 1769 4340 totam
1759 4287 1798 4338 ιι
1815 4287 1858 4340 ea
1874 4287 1912 4340 re
1930 4269 2083 4398 mentem

285 4394 442 4493 defigere,
466 4391 546 4466 fieri
571 4389 637 4462 ιιιι
662 4386 784 4484 potuit,
808 4383 897 4481 quin
922 4403 1018 4458 unns
1045 4387 1108 4458 aut
1132 4381 1222 4456 ulter
1247 4380 1347 4455 locus
1377 4379 1495 4454 oculos
1520 4377 1742 4452 falleret

306 4553 308 4560 ·
414 4504 594 4602 'primum
607 4495 919 4595 Antiphontis
908 4513 952 4570 1n
962 4492 1223 4586 orationibusI,
1230 4491 1278 4587 7,
1290 4491 1397 4565 VIet
1381 4487 1832 4626 tinreliqniisorationnm
1847 4487 1981 4584 scripta
1994 4485 2086 4624 uidi.

391 4615 596 4694 ιιιιιιιιιι
623 4608 802 4709 singulari
829 4613 983 4707 apolone
1008 4606 1117 4682 semel
1142 4601 1212 4704 (1);

389 4726 608 4806 nominatiuo
634 4721 769 4821 plurali
795 4723 875 4796 niet
874 4747 939 4811 ους
964 4717 1073 4794 semel
1099 4717 1231 4812 (1);

313 4883 316 4891 ·
388 4841 524 4939 plurali
549 4857 675 4938 genere
700 4839 824 4910 neutro
851 4835 957 4908 πλείω
984 4836 1037 4906 ter
1063 4828 1134 4926 (3);

302 5008 310 5020 ·
440 4953 480 5028 in
505 4949 662 5028 ιιιιιιιιι
687 4943 900 5044 temologiis:

392 5064 596 5143 accusatiuo
623 5057 803 5159 singulari
830 5053 971 5131 ἐλάσσω
998 5052 1053 5128 bis
1080 5051 1141 5150 (2),
1165 5049 1271 5148 μείζω
1299 5046 1414 5122 semel.
1432 5045 1501 5148 (1);
1530 5049 1764 5150 κρείσσονα
1791 5041 1899 5118 semel
1925 5043 1992 5138 (1);

292 5190 495 5202 ——--·----—.

442 5239 469 5318 ¹)
492 5237 631 5325 similiter
652 5233 736 5297 Dem.
760 5227 833 5314 [13]
855 5208 898 5291 28
920 5203 1080 5305 captonaco
1102 5225 1134 5284 in
1156 5221 1320 5302 nepetam
1340 5223 1372 5282 in
1394 5219 1499 5282 multis
1521 5219 1607 5280 libris
1628 5218 1777 5277 mutatum
1798 5217 1853 5277 θοι.
