4606 5756
1187 303 1211 376 8

1107 406 1309 416 .—....--—.„

301 507 385 601 Lys.
414 509 471 602 [6.]
498 506 550 600 8*,
575 505 691 582 οὐκέτι
722 513 891 606 φευκτέον
919 505 1019 582 ταῦτ’
1038 511 1129 580 ἐστὶ
1149 562 1189 597 ..,
1210 504 1302 580 ἀλλὰ
1329 513 1517 605 πειρατέον
1535 509 1641 586 Isoer.
1659 509 1693 582 4.
1710 507 1762 604 8¹¹,
1788 508 1831 584 οὐ
1848 509 1923 612 μὴν
1940 509 2100 584 ἀποστα-

304 629 385 694 τέον
413 624 547 708 ἐστίν,
575 615 668 692 ἀλλὰ
694 622 833 693 λεκτέον
860 616 965 692 Isocr.
990 619 1022 690 5.
1040 616 1118 711 85*,
1143 615 1248 692 οὐδέν
1274 621 1413 712 μᾶλλον
1441 615 1667 694 ἀποστατέον
1685 677 1711 694 ..
1728 624 1859 710 έστίν,
1886 619 1962 694 ἀλλ’
1989 628 2101 696 ἐπιτε-

302 735 445 805 λεστέον
471 731 576 804 Iosor.
597 730 652 803 12.
672 728 747 822 37*,
773 727 816 804 ου’
841 737 1105 830 παραλειπτέον
1132 733 1226 803 ἐστὶ
1253 725 1296 804 τὰ
1323 733 1404 830 περὶ
1423 737 1487 829 της
1505 728 1650 822 πόλεως,
1678 729 1771 806 ἀλλά
1785 740 1976 832 πειρατέον
1994 732 2099 806 Isoor.

302 864 353 938 ep.
380 842 411 915 2.
441 840 515 934 14*,
541 839 604 916 οὐκ
631 845 895 940 έξαμαρτητέον
923 845 1045 915 έστέν
1066 897 1109 930 ..,
1138 836 1230 914 ἀλλὰ
1251 838 1402 940 ἀρκτέον
1428 840 1601 915 9611122.
1621 843 1654 936 6,
1680 841 1723 917 ου’
1741 849 1910 945 προετέον
1937 848 2098 918 ἐστὶν..

301 950 386 1028 otoo
411 955 649 1054 προσδεκτέον
677 950 761 1042 τοὺς
787 956 932 1042 οἴκτους
957 951 1127 1026 Dinereh.
1147 953 1178 1024 1.
1197 949 1274 1044 92*‚
1305 949 1349 1024 οὐ
1373 957 1645 1053 καταπληκτέον
1676 959 1796 1030 ἐστὶν
1822 951 1906 1030 οὐδέ
1932 963 2101 1055 προετέον

303 1063 368 1166 τὴν
395 1060 593 1154 ἀπολογίαν
618 1062 954 1157 Dinmoh.1.108*,
980 1071 1153 1138 σκεπτέον
1176 1067 1287 1136 εἶναι
1312 1067 1373 1138 καὶ
1391 1075 1570 1166 πρακτέον
1595 1065 1701 1140 Isoor.
1718 1067 1773 1139 12.
1798 1064 1904 1159 164*;
1931 1065 1967 1160 β)
1994 1065 2102 1142 semel

306 1179 384 1250 ἐστέ
407 1175 589 1272 posteriori
616 1175 787 1248 adieetiuo
813 1173 950 1248 uerbeli
976 1174 1150 1248 adiectum
1174 1179 1243 1247 est:
1275 1173 1339 1248 οὐκ
1367 1172 1538 1276 ὀκνητέον
1556 1174 1631 1250 ἀλλ’
1650 1175 1916 1278 ἀποπειρατέον
1931 1232 1958 1250 ..
1981 1181 2101 1252 ἐστίν

302 1285 407 1360 Ιεοετ.
427 1286 459 1360 9.
485 1283 565 1378 11*;
615 1291 647 1376 γ)
675 1287 781 1360 octies
808 1292 995 1382 utrumque
1025 1287 1221 1359 membrum
1248 1291 1326 1360 ἐστί
1350 1286 1476 1382 copula
1503 1293 1613 1362 earet:
1651 1297 1892 1362 παυστέον
1920 1286 1944 1388 η’
1961 1292 2100 1388 μηδένα

305 1395 415 1472 ἀλλον
447 1403 631 1470 αἰτιατέον
664 1395 760 1470 Dom.
797 1397 879 1492 [lo]
911 1395 986 1490 76⁴¹,
1021 1394 1157 1472 τούτων
1183 1403 1250 1492 μέν
1282 1395 1468 1498 οὐδέτερον
1502 1407 1684 1499 ποιητέον,
1721 1408 1891 1475 σκεπτέον
1925 1402 1966 1474 δέ
1996 1399 2102 1474 Isoor.

304 1509 337 1582 6.
365 1505 441 1600 71*,
475 1506 540 1582 οὐκ
576 1505 746 1608 ὀκνητέον
769 1561 836 1596 ..,,
881 1506 973 1582 ἀλλὰ
1000 1517 1189 1610 πειρατέον
1215 1508 1321 1582 Isoer.
1351 1508 1409 1582 11.
1435 1507 1486 1602 3*,
1519 1507 1563 1583 οὐ
1589 1519 1886 1610 κατασιωπητέον
1908 1566 1917 1584 .
1938 1568 1984 1600 ..,
2026 1508 2102 1584 ἀλλ’

305 1623 521 1694 έπιδεικτέον
547 1618 652 1692 Isoor.
683 1618 739 1692 12.
766 1618 842 1712 96*,
867 1617 909 1692 οὐ
925 1675 932 1692 .
947 1673 973 1692 ..
989 1617 1152 1718 ἀρκτέον,
1180 1616 1273 1693 ἀλλὰ
1301 1615 1418 1720 φόρον
1437 1627 1581 1696 οἰστέον
1607 1621 1712 1694 Isoor.
1734 1621 1884 1714 14.10*,
1909 1630 1940 1696 εἰ
1957 1629 2101 1718 μέν...,

304 1736 433 1805 τοῦτον
460 1737 667 1820 κολαστέον,
695 1737 726 1802 εἰ
753 1733 811 1804 δέ.
829 1785 850 1820 .,
878 1737 1002 1804 ἐατέον
1028 1730 1124 1804 Dein.
1143 1731 1201 1804 21.
1220 1729 1297 1822 37*,
1329 1735 1530 1828 φυλακτέον
1558 1736 1619 1806 καὶ
1646 1741 1817 1807 σκεπτέον
1842 1733 2029 1827 (antecedit
2054 1736 2102 1806 δί-

303 1839 409 1916 καιόν
432 1840 568 1936 ἐστιν)
594 1839 699 1913 Isoor.
726 1842 757 1914 5.
776 1841 852 1934 35*,
878 1845 1001 1932 λυτέος
1027 1847 1087 1916 καὶ
1113 1841 1178 1916 οὐκ
1197 1850 1319 1932 ἐατέος
1344 1841 1441 1917 Dem.
1460 1841 1517 1914 24.
1538 1843 1602 1934 783
1630 1839 1733 1941 (quae
1752 1851 1837 1918 sunt
1853 1844 1958 1918 Isoor.
1976 1845 2102 1941 fragm.

303 1951 358 2026 Bl.
384 1951 430 2025 Π.
457 1953 482 2024 4
513 1955 653 2026 λεκτέον
682 2007 713 2024 ..
742 1957 801 2027 καὶ
824 2008 856 2026 ..
885 1953 971 2052 ἡμῖν
1003 1961 1192 2053 χρηστέον,
1231 1953 1319 2026 haec
1358 1953 1476 2026 dubito
1516 1977 1564 2026 an
1602 1976 1674 2028 non
1714 1955 1758 2028 ed
1797 1957 1944 2030 uerbum
1983 1963 2100 2030 nens·

304 2063 437 2159 scripta
464 2061 567 2157 εἰπε),

469 2175 505 2266 b)
531 2173 571 2248 in
597 2173 793 2248 enuntiatis
824 2173 1044 2248 secundariis
1071 2174 1196 2270 oopuie
1222 2179 1275 2246 ter
1300 2173 1410 2270 priori
1431 2177 1585 2250 membro
1609 2178 1728 2252 addite
1750 2185 1812 2272 est,
1838 2179 1894 2254 bis
1911 2177 2103 2276 posteriori,

304 2285 361 2360 bis
386 2285 520 2360 neutri:
555 2291 640 2360 sunt
665 2286 760 2359 enim
786 2286 1069 2360 continuatorum
1095 2285 1348 2360 adieetiuorum
1374 2286 1573 2361 nerbalium
1590 2290 1752 2386 exempla
1778 2295 1816 2382 α)
1842 2291 1882 2364 iu
1907 2291 2101 2388 interroga·

304 2397 459 2472 tionibus
486 2396 636 2492 obliquis
663 2397 767 2470 haee:
804 2394 956 2498 πότερον
984 2395 1203 2498 ἀφανιστέος
1227 2401 1346 2472 έστὶυ
1378 2396 1402 2498 η
1429 2401 1615 2490 διαδοτέος
1641 2400 1745 2474 Isoor.
1775 2401 1831 2474 12.
1859 2401 1943 2494 233,
1976 2406 2011 2476 τί
2042 2424 2101 2477 σοι

304 2513 444 2584 λεκτέον
471 2505 608 2582 τούτων
634 2513 695 2583 καὶ
722 2513 756 2582 τί
781 2516 1045 2609 παραλειπτέον
1081 2512 1205 2582 έστίν
1231 2508 1337 2581 Isoer.
1365 2508 1422 2580 15.
1452 2507 1569 2602 149⁸,
1600 2506 1669 2598 ὅ,τι
1699 2519 1879 2611 πρακτέον
1915 2510 2101 2612 ἢλεκτέον

303 2623 422 2694 ἐστίν
449 2619 554 2692 Isoor.
584 2619 640 2692 15.
663 2617 782 2712 271“,
808 2625 953 2710 γνῶναι,
981 2615 1072 2716 πρὸς
1100 2622 1202 2708 τίνας
1232 2622 1452 2717 πολεμητέον
1480 2625 1540 2694 καὶ
1569 2625 1669 2711 τίνας
1687 2618 1901 2717 συμμάχους
1928 2630 2098 2720 ποιητέον

303 2731 409 2804 Isoor.
438 2732 494 2804 15.
523 2729 623 2824 117*‚
659 2735 697 2826 β)
723 2731 762 2804 iu
794 2730 989 2805 enuntiatis
1016 2729 1216 2822 obiectum,
1247 2753 1337 2826 quae
1369 2730 1549 2824 dicuntur,
1584 2732 1686 2806 haee:
1729 2729 1786 2806 ὅτι
1821 2740 1868 2831 τῷ
1896 2740 1962 2828 μέν
1989 2736 2100 2834 πατρὶ

306 2841 462 2944 ἡσυχίαν
490 2849 612 2916 έκτέον
638 2846 766 2930 ἐστίν,
794 2847 874 2936 ἐμοὶ
900 2845 938 2916 δέ·
964 2849 1104 2916 λεκτέον
1130 2840 1227 2914 Dem.
1256 2841 1337 2935 [58]
1366 2841 1443 2936 60*,
1468 2846 1655 2936 δέδεικται,
1684 2841 1740 2919 ὅτι
1757 2849 1822 2918 τοῦ
1837 2899 1845 2916 .
1863 2899 1895 2917 ..
1916 2841 2100 2945 ἀφεκτέον,

305 2951 470 3028 τὰδὲ...
489 2955 628 3028 λεκτέον
655 2957 782 3046 (ἐκεῖνα
810 2956 848 3028 δέ
874 2961 1052 3052 γραπτέον
1078 2957 1139 3027 καὶ
1166 2957 1305 3027 λεκτέον
1332 2953 1377 3043 n)
1404 2953 1510 3027 Isoor.
1530 2954 1561 3027 2.
1588 2955 1665 3049 49*,
1690 2956 1722 3047 γ)
1748 2955 1994 3030 inenuntium
2020 2977 2099 3029 oon·

305 3063 461 3138 secuuuo
487 3064 569 3137 hoo:
604 3061 694 3138 ὥστε
720 3061 813 3138 πολὺ
831 3061 1006 3165 πρότερον
1031 3063 1122 3162 ὑπέρ
1150 3062 1272 3137 αὐτῶν
1299 3062 1425 3153 αὐτοῖς
1451 3072 1574 3138 έστιν
1601 3064 1848 3166 ἀπολογητέον
1874 3065 1900 3168 ἢ
1926 3073 2100 3142 τοῦτον..

306 3179 509 3276 ἐξαιτητέον
530 3174 683 3272 Lyeurg.
704 3174 810 3268 135*;
838 3175 985 3271 denique
1002 3173 1068 3247 hoo
1093 3174 1167 3247 loeo
1194 3175 1496 3248 commemorande
1522 3183 1614 3272 sunt,
1640 3200 1729 3272 quae
1748 3177 1882 3274 scriptu
1899 3185 1985 3253 sunt
2005 3178 2101 3252 Dem.

306 3286 363 3361 23.
392 3284 533 3361 125**εἰ
558 3283 625 3387 γάρ
652 3291 750 3360 έστί
776 3313 823 3383 τῳ
851 3289 1051 3376 δοτέον...,
1081 3283 1196 3382 τούτῳ
1224 3288 1359 3360 δοτέον.

458 3475 495 3576 2)
521 3477 592 3552 tria
618 3475 793 3552 udieetiua
818 3477 979 3552 uerbeliu
1004 3475 1041 3550 Π
1068 3475 1232 3573 copulata
1258 3481 1343 3550 sunt

460 3623 496 3718 ε)
521 3623 561 3696 in
579 3621 760 3696 enuntiato
778 3621 963 3718 primario:
992 3625 1031 3716 α)
1049 3621 1149 3695 tertio
1166 3622 1320 3695 membro
1338 3619 1464 3717 copula
1482 3621 1589 3694 semel
1608 3619 1726 3695 addite
1743 3627 1813 3696 est:
1832 3615 1881 3694 δυ
1900 3619 2015 3716 (prim.
2033 3619 2100 3714 sn.)

306 3733 412 3811 οὐδέν
430 3741 554 3810 έατέον
568 3791 576 3807 .
590 3789 620 3808 ..
638 3731 649 3834 lt
658 3732 733 3807 ἀλλ’
751 3731 1018 3830 ἀναστρεπτέον
1036 3737 1097 3808 καὶ
1113 3741 1358 3828 μεταστατέον
1380 3729 1528 3807 ἅπαντα
1555 3732 1655 3806 ταῦτ’
1681 3736 1774 3806 έστί
1782 3761 1800 3803 ν
1826 3731 1932 3806 Isoor.
1952 3730 2100 3824 5.132*,

304 3847 346 3945 β)
372 3844 480 3921 semol
505 3845 635 3942 primo:
675 3859 750 3936 τοῖς
777 3874 812 3919 τε
838 3841 957 3936 λόγοις
984 3857 1059 3934 τοῖς
1085 3851 1185 3940 έμοῖς
1210 3850 1426 3945 προσεκτέον
1453 3839 1516 3917 τὸν
1543 3849 1631 3917 νοῦν
1657 3849 1732 3916 έστι
1742 3837 1753 3940 11
1778 3847 1838 3917 καὶ
1866 3856 1940 3932 τοῖς
1958 3896 1966 3912 .
1984 3895 1992 3913 .
2009 3844 2099 3916 διοι-

308 3965 434 4034 κοῦσιν
461 3956 678 4056 ἀμιλλητέον
705 3960 764 4030 καὶ
792 3962 981 4056 πειρατέον
1007 3958 1191 4047 διενεγκεῖν
1218 3953 1324 4028 Isoor.
1350 3978 1400 4050 ep.
1428 3953 1459 4026 7.
1488 3953 1538 4046 7*,
1577 3961 1614 4046 γ)
1639 3959 1692 4026 ter
1717 3953 1851 4028 omissa
1877 3959 1931 4027 est
1956 3953 2097 4049 copula:

307 4069 353 4144 οὐ
367 4065 441 4171 μην
455 4072 664 4144 δουλευτέον
683 4063 767 4156 τοὺς
783 4121 812 4140 ..
831 4071 981 4160 έχοντας
996 4121 1004 4139 .
1081 4063 1092 4166 {i
1099 4063 1192 4141 ἀλλὰ
1210 4071 1283 4140 τῶν
1299 4071 1367 4161 μέν
1386 4061 1560 4139 τοιούτων
1587 4061 1796 4163 ἀμελητέον,
1812 4059 1898 4154 τοὺς
1916 4065 1949 4138 δ’
1967 4060 2099 4155 ἀλλους

307 4187 478 4256 έδιστέον
505 4175 648 4255 ἀκούειν
673 4177 778 4253 lsoor.
806 4177 839 4250 9.
867 4175 916 4269 7*,
952 4173 1043 4251 ὥστε
1070 4173 1218 4274 (itaque)
1244 4175 1287 4251 οὐ
1312 4171 1554 4276 mutuitanti
1579 4173 1719 4250 οὐδέ..
1745 4182 1979 4275 τιμωρητέον,
2012 4179 2099 4276 παρ’

309 4285 358 4366 ἀν
384 4291 416 4365 δ’
435 4288 481 4365 ἀν
509 4287 669 4384 λάβωσιν
695 4297 819 4364 έατέον
844 4299 960 4363 ποιεῖν
986 4287 1092 4362 Isoor.
1113 4288 1170 4361 15.
1199 4286 1299 4380 174*,
1325 4285 1409 4378 τοὺς
1434 4294 1501 4382 μέν
1526 4295 1721 4376 παυστέον,
1748 4282 1832 4376 τοὺς
1859 4290 1897 4361 δέ
1916 4343 1942 4360 ..
1970 4285 2098 4387 ἀτιμη-

308 4411 401 4489 τέον,
429 4415 507 4493 τοῖς
533 4405 572 4477 δέ
595 4405 879 4496 συμβουλευτέον
905 4399 1011 4476 Isoor.
1039 4399 1096 4472 15.
1124 4399 1207 4492 175,

459 4512 496 4610 b)
521 4513 561 4586 in
587 4511 781 4586 enuntiatis
810 4509 1044 4586 secundariis:
1086 4509 1211 4606 eopissa
1236 4515 1291 4582 est
1326 4509 1365 4604 α)
1401 4507 1456 4583 bis
1483 4507 1528 4582 ed
1559 4507 1715 4605 primum
1740 4509 1937 4584 membrum
1963 4509 2097 4584 additu:

308 4621 503 4722 θαυμάζω,
531 4628 618 4698 τί..
645 4619 794 4698 ἅπαντα
820 4629 990 4720 ποιητέον
1017 4625 1132 4696 εἶναι
1165 4622 1318 4717 νομίζεις
1344 4624 1404 4695 καὶ
1439 4627 1616 4719 πονητέον
1641 4624 1703 4694 καὶ
1728 4623 1976 4696 κινδυνευτέον
2001 4618 2099 4696 Dem.

310 4737 392 4832 [lo]
422 4733 498 4828 71*,
522 4732 810 4830 βουλεύσασθαι,
837 4729 990 4834 πότερον
1009 4729 1245 4833 ὀλιγωρητέον
1263 4735 1359 4805 ἐστὶ
1376 4785 1408 4804 ..
1427 4726 1470 4832 liii
1488 4737 1560 4804 τῶν
1578 4785 1605 4804 ..
1625 4728 1847 4832 πραγμάτων
1863 4731 2098 4832 ὑπεροπτέον,

307 4850 442 4946 μείζοσι
469 4849 501 4920 δ’
519 4851 760 4947 ἐπιχειρητέον
786 4841 892 4918 Ιεοιτ.
918 4865 968 4940 ep.
984 4844 1017 4918 9.
1044 4841 1123 4936 18*,
1146 4841 1188 4938 β)
1214 4842 1321 4916 semel
1349 4842 1392 4916 ed
1418 4848 1650 4939 postremum:
1679 4835 1796 4942 ὦνπερ
1822 4846 1925 4915 ἕνεκα
1951 4847 2012 4918 καὶ
2037 4871 2100 4917 πο-

309 4967 437 5061 νητέον
453 4962 514 5034 καὶ
527 4963 792 5059 φιλοσοφητέον
806 4959 866 5032 καὶ
879 4950 1002 5029 πάντα
1021 4961 1201 5056 πρακτέον
1228 4957 1352 5028 ἐστίν
1378 4953 1484 5028 Isoer.
1506 4953 1562 5028 15.
1581 4953 1665 5048 285,
1690 4951 1729 5049 γ)
1745 4951 1878 5027 omissa
1894 4973 2098 5049 numquam.

462 5091 573 5166 neque
598 5090 680 5143 uero
709 5066 776 5142 hoe
806 5063 1062 5165 neglegendum
1095 5071 1158 5159 est,
1191 5086 1388 5162 paucarum
1418 5065 1635 5162 periodorum
1667 5061 1982 5161 (lsoor.15.175‚
2016 5063 2100 5156 285,

309 5181 405 5258 Dem.
431 5179 513 5277 [19]
543 5180 605 5277 71)
632 5186 799 5258 naturam
832 5201 910 5257 eum
937 5201 1023 5274 esse,
1053 5183 1093 5253 ut
1118 5183 1220 5256 ternu
1245 5177 1403 5254 membra
1435 5177 1526 5254 idem
1552 5175 1706 5270 ualeant,
1735 5171 1894 5271 pluuium
1921 5175 2040 5275 (Isoer.
2067 5173 2099 5252 5.
