4606 5756
1088 271 1289 384 -.-il--

394 491 464 544 eoo.
490 469 581 570 sing.
606 473 646 546 in
679 476 914 552 orationibus:
956 475 1090 554 ἐλάττω
1127 479 1183 553 bis
1210 479 1270 574 (2),
1307 485 1439 556 καλλίω
1472 482 1581 556 semel
1606 481 1666 578 (1),
1704 488 1850 582 κρείττω
1882 491 2006 582 quater
2031 486 2092 585 (4),

548 588 654 679 μείζω
691 589 819 685 septies
847 591 907 684 (7),
945 594 1052 667 πλείω
1085 591 1273 687 quinquies
1306 593 1357 686 (5)
1368 589 1411 687 ¹);
1452 595 1634 689 μείζονα
1671 595 1779 670 semel
1805 595 1868 692 (1),
1904 601 2088 698 χείρονα

549 696 658 770 semel
675 701 744 794 (1);
772 700 811 772 in
829 702 1032 798 prooemiis:
1061 699 1196 778 ἐλάττω
1224 703 1332 778 semel
1358 704 1418 799 (1),
1444 709 1589 806 κρείττω
1609 705 1717 780 semel
1735 707 1795 802 (1),
1820 711 1927 784 πλείω
1945 709 2001 784 bis
2020 708 2070 804 (2)

549 814 737 886 πλείονα
765 813 873 888 semel
899 815 965 909 (1);
993 815 1033 887 iu
1059 814 1240 911 epistulis:
1269 818 1377 892 πλείω
1403 823 1457 890 ter
1482 813 1549 914 (3),
1786 901 1788 906 ,

243 915 247 924 ’
390 951 480 1003 nom.
506 924 597 1022 plur.
623 923 662 996 in
689 924 922 1000 orationibus:
951 923 1121 1022 ἀμείνους
1148 926 1256 1000 semel
1282 927 1342 1021 (1),
1366 931 1528 1024 βελτίους
1554 929 1663 1002 semel
1689 930 1749 1024 (1),
1782 926 1953 1021 ἐλάττους
1980 929 2089 1004 semel

548 1035 609 1132 (1),
634 1040 815 1137 κρείττους
847 1037 956 1111 semel
986 1035 1037 1134 (1)
1047 1034 1084 1131 ²),
1120 1041 1264 1130 πλείους
1291 1039 1407 1114 sexies
1434 1039 1494 1134 (6),
1525 1043 1668 1136 χείρους
1703 1040 1811 1114 semel
1838 1040 1904 1136 (1);
1944 1039 1984 1114 in
2009 1063 2089 1138 pro·

548 1147 685 1223 oemiis:
715 1145 885 1244 άμείνους
912 1148 1019 1222 semel
1046 1150 1115 1244 (1);
1797 1229 1801 1242 ,

389 1289 460 1340 eoo.
483 1263 574 1360 plur.
600 1259 640 1332 in
670 1259 906 1333 orationibus:
946 1264 1107 1353 βελτίους
1139 1265 1192 1333 ter
1218 1261 1278 1356 (3),
1315 1266 1500 1362 κρείττους
1533 1262 1642 1336 semel
1668 1263 1729 1358 (1),
1766 1265 1908 1358 μείζους
1940 1263 1996 1337 bis
2028 1265 2079 1359 (2)

547 1375 690 1462 πλείους
716 1371 904 1467 quinquies
932 1371 992 1466 (5),
1025 1376 1167 1472 χείρους
1203 1373 1312 1448 semel
1341 1371 1411 1469 (1);
1451 1373 1492 1448 in
1518 1373 1721 1470 prooemiis:
1758 1377 1919 1468 βελτίους
1945 1374 2001 1450 bis
2028 1374 2079 1470 (2)

547 1479 718 1574 ἐλάττους
746 1483 854 1558 semel
879 1483 939 1578 (1),
963 1487 1104 1583 χείρους
1130 1483 1238 1560 semel
1264 1483 1335 1582 (1);

388 1621 466 1695 gen.
492 1601 603 1670 neutr.
630 1594 721 1691 plur.
747 1595 787 1668 in
819 1594 1055 1670 orationihus:
1095 1601 1225 1691 αἰσχίω
1252 1595 1361 1670 semel
1386 1596 1448 1690 (1),
1479 1600 1604 1691 βελτίω
1631 1597 1688 1672 bis
1714 1596 1778 1693 (2),
1803 1593 1938 1672 ἐλάττω
1964 1602 2088 1694 quater

545 1707 606 1802 (4),
630 1708 736 1802 μείζω
763 1711 816 1780 ter
841 1706 902 1802 (3),
926 1709 1034 1782 πλείω
1060 1708 1225 1782 undecies
1244 1707 1330 1802 (11),
1352 1711 1458 1808 χείρω
1485 1707 1541 1782 bis
1560 1709 1626 1804 (2);
1655 1709 1694 1782 in
1719 1707 1923 1806 prooemiis:
1952 1705 2087 1782 ἐλάττω

547 1817 654 1894 semel
677 1816 741 1914 (1),
773 1820 879 1913 μείζω
907 1818 1015 1892 semel
1041 1819 1102 1913 (1),
1135 1823 1242 1894 πλείω
1273 1824 1397 1915 quater
1422 1817 1484 1915 (4),
1517 1824 1623 1920 χείρω
1651 1826 1704 1894 ter
1729 1821 1797 1917 (3),
1837 1819 1877 1893 in
1902 1817 2086 1916 epistulis:

546 1927 680 2006 ἐλάττω
708 1930 817 2004 semel
842 1930 902 2024 (1).

2078 733 2086 804 3

438 2096 541 2169 uenio
567 2116 663 2168 nuno
690 2093 735 2165 ad
761 2097 913 2164 oratores
932 2089 1161 2164 Demostheni
1178 2092 1352 2190 aequales.
1404 2115 1449 2166 ex
1475 2094 1604 2190 quibus
1631 2117 1727 2171 unus
1748 2093 1958 2192 Hyperides,
1983 2091 2087 2168 ouius

284 2214 404 2282 temen
430 2205 580 2305 exiguae
607 2203 805 2278 orationum
830 2202 1001 2300 reliquiae
1032 2201 1134 2277 nobis
1163 2203 1313 2277 traditae
1346 2209 1440 2297 sunt,
1474 2205 1694 2302 longioribus
1727 2206 1851 2278 formis
1885 2228 1976 2278 usus
2009 2227 2086 2278 esse

284 2343 354 2394 nou
380 2319 530 2412 uidetur,
565 2315 703 2416 reliqui,
735 2314 925 2412 Lyeurgus
951 2315 1148 2389 Aeschines
1174 2314 1391 2409 Dinarchus,
1423 2315 1521 2390 intro
1553 2317 1689 2391 eosdem
1720 2317 1791 2390 fere
1817 2317 1908 2390 fines
1940 2339 1977 2390 se
2003 2337 2084 2389 oon·

284 2431 470 2504 timuerunt
496 2435 600 2526 atquo
625 2427 887 2502 Demosthenes.
940 2427 1113 2524 seriptum
1139 2427 1234 2500 enim
1260 2426 1337 2500 uidi
1934 2455 1937 2462 ⁴

437 2593 594 2689 primum
620 2590 714 2688 apud
739 2589 1010 2685 Hyperidem:

386 2726 458 2778 eoo.
484 2702 576 2798 sing.
602 2695 762 2796 ἐλάττ[ω]
791 2699 899 2774 semel
925 2700 986 2796 (1),
1010 2703 1142 2776 καλλίω
1172 2699 1279 2774 semel
1305 2695 1410 2794 (1)³);

386 2837 456 2890 ese.
482 2814 573 2911 plur.
599 2815 743 2904 πλείους
768 2817 821 2886 ter
848 2811 915 2907 (3),

385 2951 463 3026 gen.
487 2930 600 3002 neutr.
625 2925 716 3022 plur.
743 2920 876 2998 ἐλάττω
910 2923 1020 3000 semol
1052 2921 1114 3024 (1),
1152 2926 1283 3000 καλλίω
1318 2922 1426 2997 semel
1461 2922 1521 3018 (1),
1560 2925 1705 3023 κρείττω
1740 2920 1848 2996 semel
1880 2919 1940 3014 (1),
1978 2919 2083 3016 μείζω

545 3035 654 3113 semel
680 3035 743 3132 (1),
767 3038 875 3110 πλείω
901 3036 958 3110 bis
983 3033 1051 3133 (2),

437 3211 559 3287 deinde
586 3209 680 3306 apud
703 3202 1003 3306 Lycurgum&
1718 3273 1721 3280 ,

386 3350 457 3400 eoo.
474 3324 565 3420 sing.
585 3319 719 3418 ἀμείνω
731 3319 838 3392 semel
852 3319 913 3413 (1),
938 3319 1115 3414 μείζονα
1134 3317 1242 3391 semol
1254 3315 1385 3413 (Ieoer.
1401 3315 1458 3409 78,
1475 3315 1537 3393 ubi
1552 3315 1686 3390 oodioes
1703 3315 1868 3410 μείζονι
1886 3313 2081 3410 praebent);

385 3459 476 3510 nom.
501 3434 592 3532 plur.
618 3429 788 3527 ἀμείνους
815 3429 923 3504 semel
950 3429 1010 3524 (1),
1036 3435 1217 3528 κρείττους
1243 3427 1352 3502 semel
1379 3425 1448 3524 (1);

386 3571 456 3622 aee.
482 3545 573 3643 plur.
601 3542 770 3640 άμείνους
797 3540 906 3614 semel
932 3539 994 3636 (1),
1019 3543 1180 3634 βελτίους
1207 3539 1316 3613 semel
1342 3537 1414 3637 (1);

384 3665 496 3733 neutr.
523 3679 600 3755 gen.
625 3655 716 3752 plur.
742 3654 848 3748 μείζω
875 3651 984 3726 semel
1010 3647 1074 3750 (1),
1099 3653 1206 3726 πλείω
1233 3656 1287 3723 ter
1312 3649 1374 3745 (3),
1398 3653 1502 3750 χείρω
1531 3647 1639 3721 semel
1665 3646 1742 3742 (1);

435 3837 513 3904 tum
540 3828 634 3924 apud
659 3825 939 3902 Aeschinem:

386 3966 456 4017 eoo.
484 3941 575 4038 sing.
601 3941 706 4035 μείζω
733 3937 789 4012 bis
815 3937 876 4032 (2),
900 3938 1031 4010 καλλίω
1058 3941 1111 4010 ter
1138 3934 1187 4028 (3)
1214 3933 1254 4006 in
1280 3931 1516 4024 orationihus,
1544 3931 1649 4024 μείζω
1676 3928 1732 4003 bis
1753 3929 1806 4022 (2)
1832 3928 1873 4002 in
1899 3925 2081 4024 episbrlis3

364 4077 474 4130 nom.
500 4052 591 4148 plur.
617 4048 787 4144 ἀμείνους
813 4047 921 4122 semel
946 4044 1008 4146 (1),
1034 4043 1203 4138 ἐλάττους
1222 4044 1329 4120 semel
1348 4043 1408 4138 (1),
1434 4045 1614 4145 κρείττους
1640 4039 1748 4116 semel
1774 4033 1955 4132 (3.11)⁶),
1989 4041 2082 4114 πλεί-

543 4191 607 4253 ους
632 4167 686 4236 ter
711 4162 762 4256 (3)
788 4161 828 4234 in
854 4159 1090 4253 orauonibus3

385 4298 456 4352 eoo.
482 4274 573 4371 plur.
599 4270 770 4369 ἀμείνους
797 4270 905 4346 semel
930 4267 992 4370 (1),
1016 4273 1177 4365 βελτίους
1203 4266 1312 4341 semel
1337 4265 1400 4359 (1),
1430 4261 1602 4356 ἐλάττους
1627 4263 1683 4338 bis
1710 4259 1772 4356 (2),
1804 4263 1950 4352 πλείους
1975 4258 2080 4356 quin·

542 4384 643 4482 quies
670 4385 734 4478 (5),
764 4387 906 4484 χείρους
934 4379 1042 4456 semel
1071 4375 1151 4479 (1);'
1181 4381 1385 4467 alsterae
1419 4375 1528 4450 semel
1554 4374 1603 4472 (3.
1630 4374 1689 4468 98,
1721 4371 1782 4446 ubi
1807 4395 1903 4448 unus
1930 4370 2035 4445 oodex
2058 4392 2082 4465 q

537 4492 697 4591 πλείους)
725 4494 765 4568 in
791 4492 1026 4586 orationibus:

436 4667 463 4748 1)
486 4668 535 4730 26.
560 4669 600 4729 18
623 4667 734 4724 πλείονα
755 4665 787 4729 F.
801 4683 830 4723 11.

435 4755 462 4833 ²)
484 4755 539 4818 ssd
562 4755 612 4815 13.
635 4752 676 4813 26
697 4750 730 4812 F.
741 4751 777 4812 Y.
789 4749 823 4812 0.
834 4769 862 4811 v,
885 4752 1008 4826 βελτίους
1030 4765 1084 4828 pro
1106 4748 1253 4822 κρείττους,

435 4839 463 4966 ἰ)
486 4839 586 4941 ἀμείνω
607 4840 638 4902 4.
659 4835 712 4900 XI.
736 4839 754 4902 6
778 4834 1250 4984 Oobetifieorpliaeppparufflipusntum
1271 4837 1326 4895 est.

436 4929 461 5098 ll
484 4929 838 5094 dffloffluhhllffi
849 4941 925 5071 rpop
953 5013 1001 5070 est
1026 5008 1087 5069 nisi
1109 4968 1142 5068 in
1162 5007 1298 5068 heller.
1321 5007 1483 5085 codicibus,
1505 5012 1605 5070 temen
1626 5025 1687 5070 non
1708 5012 1756 5072 est
1777 5009 1916 5088 dubium,
1943 5011 2017 5091 quin
2039 5012 2080 5070 eit

282 5107 463 5189 genuinum:
486 5119 584 5184 neque
605 5103 686 5164 onim
707 5099 830 5160 ferenda
851 5101 899 5159 est
918 5095 1066 5156 dissolute
1086 5095 1182 5155 forme
1202 5093 1387 5156 nominetiuo
1408 5095 1527 5176 plurali,
1548 5099 1705 5176 propterea
1729 5097 1810 5178 quod
1831 5097 1915 5162 nullo
1929 5098 1996 5162 1000
2018 5117 2077 5162 ωες

282 5191 452 5260 terminatio
473 5191 510 5254 eb
533 5189 699 5254 oratoribus
720 5184 866 5250 nemrim
885 5182 1061 5265 aequalibus
1082 5184 1226 5262 usurpata
1248 5185 1302 5244 est.

2080 1321 2089 1356 1

2080 1432 2089 1468 r

2291 2457 2292 2490 1

2291 2599 2292 2636 l

2291 2667 2292 2700 1

2291 2729 2292 2772 1

2291 2819 2292 2862 1

2291 2877 2292 2908 1

2291 2935 2292 2956 l

2291 2971 2292 3006 1

2291 3179 2292 3226 l
